@article{Sestakova2018,
  author = {Eliška Šestáková and Jan Janoušek},
  journal = {Information},
  title = {Automata Approach to XML Data Indexing},
  year = {2018},
  volume = {9},
  number = {1},
  ISSN = {2078-2489},
  medium = {online},
  accessed = {2019-03-26},
  DOI = {10.3390/info9010012},
  URL = {http://www.mdpi.com/2078-2489/9/1/12},
  % pro pridani url se koukni do dokumentace biblatex-iso690, nejspis potrebujes URL_DATE polozku nebo tak neco
}

